@article{messelmi2015,
  author = {Messelmi, Farid},
  year = {2015},
  title = {Dual-complex numbers and their holomorphic functions},
  doi = {http://dx.doi.org/10.5281/zenodo.22961},
  language = {en}
}

@article{clifford1871,
  author = {Clifford, William Kingdon},
  year = {1871},
  title = {Preliminary sketch of biquaternions},
  doi = {https://doi.org/10.1112/plms/s1-4.1.381},
  language = {en}
}

@article{baydin2018,
  author = {Baydin, Atılım Güneş and Pearlmutter, Barak A. and Radul, Alexey Andreyevich and Mark Siskind, Jeffrey},
  year = {2018},
  journal = {Journal of machine learning research},
  volume = {18},
  issue = {153},
  pages = {11},
  title = {Automatic differentiation in machine learning: a survey},
  url = {https://dl.acm.org/doi/abs/10.5555/3122009.3242010},
  language = {en}
}

@article{rev2016,
  author = {Revels, Jarrett and Lubin, Miles and Papamarkou, Theodore},
  year = {2016},
  title = {Forward-Mode Automatic Differentiation in Julia},
  url = {https://arxiv.org/pdf/1607.07892},
  language = {en}
}

@article{szi2021,
  author = {Szirmay-Kalos, László},
  year = {2021},
  title = {Higher Order Automatic Differentiation with Dual Numbers},
  journal = {Periodica Polytechnica Electrical Engineering and Computer Science},
  doi = {https://doi.org/10.3311/PPee.16341},
  volume = {65},
  number = {1},
  pages={1--10},
  language = {en}
}

@article{behr2019,
  author = {Behr, Nicolas and Dattoli, Giuseppe and Lattanzi, Ambra and Licciardi, Silvia},
  year = {2019},
  title = {Higher Order Automatic Differentiation with Dual Numbers},
  journal = {Axioms},
  url = {https://doi.org/10.3390/axioms8030077},
  language = {en}
}

@inbook{fuchs1963,
  author = {Fuchs, László},
  year = {1963},
  title = {Partially Ordered Algebraic Systems},
  chapter = {VIII \S 3},
  publisher = {Pergamon Press},
  adress = {New York},
  language = {en}
}

@article{qi2024,
  author = {Qi, Liqun and Cui, Chunfeng},
  year = {2024},
  title = {Eigenvalues of Dual Hermitian Matrices with Application in Formation Control},
  url = {https://arxiv.org/abs/2306.12428v2},
  language = {en}
}

@article{qi2023,
  author = {Qi, Liqun and Luo, Ziyan},
  year = {2023},
  title = {Eigenvalues and Jordan Forms of Dual Complex Matrices},
  url = {https://arxiv.org/abs/2306.12428v2},
  language = {en}
}

@article{qi2021,
  author = {Qi, Liqun and Luo, Ziyan},
  year = {2021},
  title = {Eigenvalues and Singular Values of Dual Quaternion Matrices},
  url = {https://arxiv.org/abs/2111.12211v2},
  language = {en}
}

@article{liu2025,
  author = {Liu, Chengdong and Wei, Yimin and Xie, Pengpeng},
  year = {2025},
  title = {On the relation between the exponential of real matrices and that of
dual matrices},
  doi = {https://doi.org/10.1016/j.aml.2025.109466},
  language = {en}
}

@article{arrighi2020,
  author = {Arrighi, Pablo and Bény, Cédric and Farrelly, Terry},
  year = {2020},
  title = {A quantum cellular automaton for one-dimensional QED},
  doi = {https://doi.org/10.48550/arXiv.1903.07007},
  language = {en}
}
